@misc{snapnets,
  author       = {Jure Leskovec and Andrej Krevl},
  title        = {{SNAP Datasets}: {Stanford} Large Network Dataset Collection},
  howpublished = {\url{http://snap.stanford.edu/data}},
  month        = jun,
  year         = 2014
}

@book{Goodfellow-et-al-2016,
    title={Deep Learning},
    author={Ian Goodfellow and Yoshua Bengio and Aaron Courville},
    publisher={MIT Press},
    note={\url{http://www.deeplearningbook.org}},
    year={2016}
}

@book{nielsen2018neural,
  title = {Neural Networks and Deep Learning},
  language = {eng},
  publisher = {Springer International Publishing},
  journal = {Neural Networks and Deep Learning},
  year = {2018},
%   isbn = {3319944630, 3319944622},
  author = {Michael Nielsen}
}

@book{haerdle2015statistics,
  title = {Introduction to Statistics},
  language = {eng},
  publisher = {Springer International Publishing},
  journal = {Introduction To Statistics},
  pages = {1 Online Ressource (542 Seiten) (unknown)},
  year = {2015},
%   isbn = {3319177036, 3319177044, 9783319177045},
  author = {Härdle, Wolfgang Karl and Klinke, Sigbert and Rönz, Bernd}
}

@thesis{zangenberg2018a,
  title = {Probabilistic Modeling of Dynamic Complex Networks},
  language = {eng},
  year = {2018},
  author = {Zangenberg, Jonas Str{\o}m}
}

@thesis{jacobsen2018a,
  title = {Large Scale Latent Variable Modeling for Link Prediction in Complex Networks},
  language = {eng},
  year = {2018},
  author = {Jacobsen, Nicolai Frost Kolborg}
}

@article{kim2018review,
  title = {A Review of Dynamic Network Models with Latent Variables},
  language = {eng},
  journal = {Statistics Surveys},
  volume = {12},
  number = {0},
  pages = {105-135},
  year = {2018},
%   issn = {19357516},
%   doi = {10.1214/18-SS121},
  author = {Kim, Bomin and Lee, Kevin H. and Xue, Lingzhou and Niu, Xiaoyue}
}

@article{gupta2018generative,
  title = {A Generative Model for Dynamic Networks with Applications},
  language = {und},
  year = {2018},
  author = {Gupta, Shubham and Sharma, Gaurav and Dukkipati, Ambedkar}
}

@article{burguillo2017complex,
  title = {Complex Networks},
  language = {eng},
  publisher = {Springer International Publishing},
  journal = {Self-organizing Coalitions for Managing Complexity},
  volume = {29},
  pages = {35-56},
  year = {2017},
%   isbn = {9783319698984, 9783319698960},
%   doi = {10.1007/978-3-319-69898-4_3, 10.1007/978-3-319-69898-4},
  author = {Burguillo, Juan C.}
}

@article{paranjape2017motifs,
  title = {Motifs in Temporal Networks},
  language = {eng},
  publisher = {Association for Computing Machinery, Inc},
  journal = {Wsdm 2017 - Proceedings of the 10th Acm International Conference on Web Search and Data Mining},
  pages = {601-610},
  year = {2017},
%   isbn = {9781450346757},
%   doi = {10.1145/3018661.3018731},
  author = {Paranjape, Ashwin and Benson, Austin R. and Leskovec, Jure}
}

@article{dunlavy2011temporal,
  title={Temporal Link Prediction using Matrix and Tensor Factorizations},
  author={Dunlavy, Daniel M and Kolda, Tamara G and Acar, Evrim},
  journal={ACM Transactions on Knowledge Discovery from Data (TKDD)},
  volume={5},
  number={2},
  pages={10},
  year={2011},
  publisher={ACM}
}

@article{sett2018temporal,
  title={Temporal Link Prediction in Multi-relational Network},
  author={Sett, Niladri and Basu, Saptarshi and Nandi, Sukumar and Singh, Sanasam Ranbir},
  journal={World Wide Web},
  volume={21},
  number={2},
  pages={395--419},
  year={2018},
  publisher={Springer}
}

@article{liben2007link,
  title={The Link-prediction Problem for Social Networks},
  author={Liben-Nowell, David and Kleinberg, Jon},
  journal={Journal of the American society for information science and technology},
  volume={58},
  number={7},
  pages={1019--1031},
  year={2007},
  publisher={Wiley Online Library}
}

@article{holme2012temporal,
  title={Temporal Networks},
  author={Holme, Petter and Saram{\"a}ki, Jari},
  journal={Physics reports},
  volume={519},
  number={3},
  pages={97--125},
  year={2012},
  publisher={Elsevier}
}

% @misc{wiki2018connected, 
%     title={Connected component (graph theory)},
%     url={https://en.wikipedia.org/wiki/Connected_component_(graph_theory)}, 
%     journal={Wikipedia}, 
%     publisher={Wikimedia Foundation}, 
%     year={2018}
% }

% @misc{wiki2019reciprocity, 
%     title={Reciprocity (network science)},
%     url={https://en.wikipedia.org/wiki/Reciprocity_(network_science)}, 
%     journal={Wikipedia}, 
%     publisher={Wikimedia Foundation}, 
%     year={2019}
% }

% @misc{wiki2019connectivity, 
%     title={Connectivity (graph theory)},
%     url={https://en.wikipedia.org/wiki/Connectivity_(graph_theory)}, 
%     journal={Wikipedia}, 
%     publisher={Wikimedia Foundation}, 
%     year={2019}
% }

@article{hoff2002latent,
  title = {Latent Space Approaches to Social Network Analysis},
  language = {eng},
  publisher = {AMER STATISTICAL ASSOC},
  journal = {Journal of the American Statistical Association},
  volume = {97},
  number = {460},
  pages = {1090-1098},
  year = {2002},
%   issn = {1537274x, 01621459},
%   doi = {10.1198/016214502388618906},
  author = {Hoff, Peter D. and Raftery, Adrian E. and Handcock, Mark S.}
}

@inproceedings{schroeder2003crimelink,
  title={Crimelink Explorer: Using Domain Knowledge to Facilitate Automated Crime Association Analysis},
  author={Schroeder, Jennifer and Xu, Jennifer and Chen, Hsinchun},
  booktitle={International Conference on Intelligence and Security Informatics},
  pages={168--180},
  year={2003},
  organization={Springer}
}

@article{carrasco2003clustering,
  title={Clustering of Bipartite Advertiser-keyword Graph},
  author={Carrasco, John Joseph and Fain, Daniel C and Lang, Kevin J and Zhukov, Leonid},
  year={2003},
  publisher={Citeseer}
}

@inproceedings{palau2004collaboration,
  title={Collaboration Analysis in Recommender Systems using Social Networks},
  author={Palau, Jordi and Montaner, Miquel and L{\'o}pez, Beatriz and De La Rosa, Josep Llu{\'\i}s},
  booktitle={International Workshop on Cooperative Information Agents},
  pages={137--151},
  year={2004},
  organization={Springer}
}

@article{sarkar2005dynamic,
  title = {Dynamic Social Network Analysis using Latent Space Models},
  language = {eng},
  publisher = {ACM, 2 Penn Plaza, Suite 701, New York, NY, USA},
  journal = {Acm Sigkdd Explorations Newsletter},
  volume = {7},
  number = {2},
  pages = {31-40},
  year = {2005},
%   issn = {19310153, 19310145},
%   doi = {10.1145/1117454.1117459},
  author = {Sarkar, Purnamrita and Moore, Andrew W.}
}

@article{li2014deep,
  title = {A Deep Learning Approach to Link Prediction in Dynamic Networks},
  language = {eng},
  publisher = {Society for Industrial and Applied Mathematics Publications},
  journal = {Siam International Conference on Data Mining 2014, Sdm 2014},
  volume = {1},
  pages = {289-297},
  year = {2014},
%   isbn = {9781510811515},
%   doi = {10.1137/1.9781611973440.33},
  author = {Li, Xiaoyi and Du, Nan and Li, Hui and Li, Kang and Gao, Jing and Zhang, Aidong}
}

@article{sewell2018simultaneous,
  title = {Simultaneous and Temporal Autoregressive Network Models},
  language = {eng},
  publisher = {Cambridge University Press},
  journal = {Network Science},
  volume = {6},
  number = {2},
  pages = {204-231},
  year = {2018},
%   issn = {20501250, 20501242},
%   doi = {10.1017/nws.2017.36},
  author = {Sewell, Daniel K.}
}

@article{raftery2012fast,
  title = {Fast Inference for the Latent Space Network Model using a Case-control Approximate Likelihood},
  language = {eng},
  publisher = {American Statistical Association},
  journal = {Journal of Computational and Graphical Statistics},
  volume = {21},
  number = {4},
  pages = {901-919},
  year = {2012},
%   issn = {15372715, 10618600},
%   doi = {10.1080/10618600.2012.679240},
  author = {Raftery, Adrian E. and Niu, Xiaoyue and Hoff, Peter D. and Yeung, Ka Yee}
}

@book{box2015time,
  title={Time Series Analysis: Forecasting and Control},
  author={Box, George EP and Jenkins, Gwilym M and Reinsel, Gregory C and Ljung, Greta M},
  year={2015},
  publisher={John Wiley \& Sons}
}

@book{brockwell2016introduction,
  title = {Introduction to Time Series and Forecasting},
  author={Brockwell, Peter J and Davis, Richard A},
  language = {eng},
  publisher = {Springer International Publishing},
  journal = {Introduction To Time Series and Forecasting},
  year = {2016}
}

@book{hyndman2018forecasting,
  title={Forecasting: Principles and Practice},
  author={Hyndman, Rob J and Athanasopoulos, George},
  year={2018},
  publisher={OTexts}
}

@misc{giles2012stationarity,
    title={Stationarity Conditions for an AR(2) Process},
    author={Giles, David E},
    publisher={Department of Economics, University of Victoria, Canada},
    url={http://web.uvic.ca/~dgiles/blog/AR2.pdf}, 
    year={2012}
}

@misc{alonso2012autoregressive,
    title={Autoregressive, MA and ARMA processes},
    author={Alonso, Andrés M},
    publisher={Department of Statistics, Universidad Carlos III of Madrid},
    url={http://halweb.uc3m.es/esp/Personal/personas/amalonso/esp/TSAtema4.pdf}, 
    year={2012}
}

@article{ruder2017overview,
  title = {An Overview of Gradient Descent Optimization Algorithms},
  year = {2017},
  author = {Ruder, Sebastian}
}

@article{kingma2017adam,
  title = {Adam: A Method for Stochastic Optimization},
  year = {2017},
  author = {Kingma, Diederik P. and Ba, Jimmy}
}

@article{handcock2015clustering,
  title = {Model-based Clustering for Social Networks},
  language = {eng},
  year = {2015},
  doi = {10.1.1.611.5903},
  author = {S. Handcock, Mark and E. Raftery, Adrian and M. Tantrum, Jeremy and S. H, Mark and E. Raftery, Adrian and M. Tantrum, Jeremy}
}

@article{hoff2009bilinear,
  title = {Bilinear Mixed Effects Models for Dyadic Data},
  language = {eng},
  year = {2009},
  doi = {10.1.1.112.8658},
  author = {Hoff, Peter D.}
}

@article{hoff2009homophily,
  title = {Modeling Homophily and Stochastic Equivalence in Symmetric Relational Data},
  language = {eng},
  year = {2009},
  doi = {10.1.1.69.2528},
  author = {Hoff, Peter D.}
}

@article{banfield1993gaussian,
  title = {Model-Based Gaussian and Non-Gaussian Clustering},
  language = {und},
  journal = {Biometrics},
  volume = {49},
  number = {3},
  pages = {803},
  year = {1993},
%   issn = {15410420, 0006341x},
%   doi = {10.2307/2532201},
  author = {Banfield, Jeffrey D. and Raftery, Adrian E.}
}

@article{ward2007commerce,
  title = {Persistent Patterns of International Commerce},
  language = {eng},
  publisher = {SAGE PUBLICATIONS LTD},
  journal = {Journal of Peace Research},
  volume = {44},
  number = {2},
  pages = {157-175},
  year = {2007},
%   issn = {14603578, 00223433},
%   doi = {10.1177/0022343307075119},
  author = {Ward, Michael D. and Hoff, Peter D.}
}

@article{ward2007peace,
  title = {Disputes, democracies, and dependencies: A reexamination of the Kantian peace},
  language = {eng},
  publisher = {WILEY},
  journal = {American Journal of Political Science},
  volume = {51},
  number = {3},
  pages = {583-601},
  year = {2007},
%   issn = {15405907, 00925853},
%   doi = {10.1111/j.1540-5907.2007.00269.x},
  author = {Ward, Michael D. and Siverson, Randolph M. and Cao, Xun}
}

% @article{ward2011political,
%   title = {Network analysis and political science},
%   language = {eng},
%   publisher = {ANNUAL REVIEWS},
%   journal = {Annual Review of Political Science},
%   volume = {14},
%   number = {1},
%   pages = {245-264},
%   year = {2011},
%   issn = {15451577, 10942939},
%   isbn = {9780824333140},
%   doi = {10.1146/annurev.polisci.12.040907.115949},
%   author = {Ward, Michael D. and Stovel, Katherine and Sacks, Audrey}
% }

@article{ward2013gravity,
  title = {Gravity's Rainbow: A Dynamic Latent Space Model for the World Trade Network},
  language = {eng},
  journal = {Network Science},
  volume = {1},
  number = {1},
  pages = {95-118},
  year = {2013},
%   issn = {20501250, 20501242},
%   doi = {10.1017/nws.2013.1},
  author = {Ward, Michael D. and Ahlquist, John S. and Rozenas, Arturas}
}

@article{durante2014bayesian,
  title = {Bayesian Dynamic Financial Networks with Time-varying Predictors},
  language = {eng},
  publisher = {Elsevier},
  journal = {Statistics and Probability Letters},
  volume = {93},
  pages = {19-26},
  year = {2014},
%   issn = {18792103, 01677152},
%   doi = {10.1016/j.spl.2014.06.015},
  author = {Durante, Daniele and Dunson, David B.}
}

@article{durante2014nonparametric,
  title = {Nonparametric Bayes Dynamic Modelling of Relational Data},
  language = {eng},
  publisher = {Oxford University Press},
  journal = {Biometrika},
  volume = {101},
  number = {4},
  pages = {883-898},
  year = {2014},
%   issn = {14643510, 00063444},
%   doi = {10.1093/biomet/asu040},
  author = {Durante, Daniele and Dunson, David B.}
}

@article{glorot2011understanding,
  title = {Understanding the Difficulty of Training Deep Feedforward Neural Networks},
  language = {eng},
  year = {2011},
%   doi = {10.1.1.207.2059},
  author = {Glorot, Xavier and Bengio, Yoshua}
}